@inproceedings{EHR_Generation,
  title={Generation of synthetic electronic medical record text},
  author={Guan, Jiaqi and Li, Runzhe and Yu, Sheng and Zhang, Xuegong},
  booktitle={2018 IEEE International Conference on Bioinformatics and Biomedicine (BIBM)},
  pages={374--380},
  year={2018},
  organization={IEEE}
}

@book{cramer2015secure,
  title={Secure multiparty computation},
  author={Cramer, Ronald and Damg{\aa}rd, Ivan Bjerre and others},
  year={2015},
  publisher={Cambridge University Press}
}

@article{acar2018survey,
  title={A survey on homomorphic encryption schemes: Theory and implementation},
  author={Acar, Abbas and Aksu, Hidayet and Uluagac, A Selcuk and Conti, Mauro},
  journal={ACM Computing Surveys (Csur)},
  volume={51},
  number={4},
  pages={1--35},
  year={2018},
  publisher={ACM New York, NY, USA}
}

@inproceedings{sabt2015trusted,
  title={Trusted execution environment: what it is, and what it is not},
  author={Sabt, Mohamed and Achemlal, Mohammed and Bouabdallah, Abdelmadjid},
  booktitle={2015 IEEE Trustcom/BigDataSE/Ispa},
  volume={1},
  pages={57--64},
  year={2015},
  organization={IEEE}
}

@article{CN_Generation,
  title={Towards Automatic Generation of Shareable Synthetic Clinical Notes Using Neural Language Models},
  author={Melamud, Oren and Shivade, Chaitanya},
  journal={NAACL HLT 2019},
  pages={35},
  year={2019}
}

@article{Medical_Text_Generation_Summary_CN,
  title={知识增强的生物医学文本生成式摘要研究},
  author={邓露 and 胡珀 and 李炫宏},
  journal={数据分析与知识发现},
  pages={1},
  year={2022}
}

@article{Attn_is_all_you_need,
  title={Attention is all you need},
  author={Vaswani, Ashish and Shazeer, Noam and Parmar, Niki and Uszkoreit, Jakob and Jones, Llion and Gomez, Aidan N and Kaiser, {\L}ukasz and Polosukhin, Illia},
  journal={Advances in neural information processing systems},
  volume={30},
  year={2017}
}

@inproceedings{BERT,
  title={BERT: Pre-training of Deep Bidirectional Transformers for Language Understanding},
  author={Kenton, Jacob Devlin Ming-Wei Chang and Toutanova, Lee Kristina},
  booktitle={Proceedings of NAACL-HLT},
  pages={4171--4186},
  year={2019}
}

@article{GPT2,
  title={Language models are unsupervised multitask learners},
  author={Radford, Alec and Wu, Jeffrey and Child, Rewon and Luan, David and Amodei, Dario and Sutskever, Ilya and others}
}

@article{GPT3,
  title={Language models are few-shot learners},
  author={Brown, Tom and Mann, Benjamin and Ryder, Nick and Subbiah, Melanie and Kaplan, Jared D and Dhariwal, Prafulla and Neelakantan, Arvind and Shyam, Pranav and Sastry, Girish and Askell, Amanda and others},
  journal={Advances in neural information processing systems},
  volume={33},
  pages={1877--1901},
  year={2020}
}

@article{FL_ZS,
  title={Advances and open problems in federated learning},
  author={Kairouz, Peter and McMahan, H Brendan and Avent, Brendan and Bellet, Aur{\'e}lien and Bennis, Mehdi and Bhagoji, Arjun Nitin and Bonawitz, Kallista and Charles, Zachary and Cormode, Graham and Cummings, Rachel and others},
  journal={Foundations and Trends{\textregistered} in Machine Learning},
  volume={14},
  number={1--2},
  pages={1--210},
  year={2021},
  publisher={Now Publishers, Inc.}
}

@article{CC_FL,
  title={Communication compression for decentralized training},
  author={Tang, Hanlin and Gan, Shaoduo and Zhang, Ce and Zhang, Tong and Liu, Ji},
  journal={Advances in Neural Information Processing Systems},
  volume={31},
  year={2018}
}

@inproceedings{FL_Medical_Relation_Extraction,
  title={Feded: Federated learning via ensemble distillation for medical relation extraction},
  author={Sui, Dianbo and Chen, Yubo and Zhao, Jun and Jia, Yantao and Xie, Yuantao and Sun, Weijian},
  booktitle={Proceedings of the 2020 conference on empirical methods in natural language processing (EMNLP)},
  pages={2118--2128},
  year={2020}
}

@article{FL_CMF,
  title={Federated learning: Challenges, methods, and future directions},
  author={Li, Tian and Sahu, Anit Kumar and Talwalkar, Ameet and Smith, Virginia},
  journal={IEEE signal processing magazine},
  volume={37},
  number={3},
  pages={50--60},
  year={2020},
  publisher={IEEE}
}

@inproceedings{DPRNN,
  title={Learning Differentially Private Recurrent Language Models},
  author={McMahan, H Brendan and Ramage, Daniel and Talwar, Kunal and Zhang, Li},
  booktitle={International Conference on Learning Representations}
}

@inproceedings{DPLM_Public_Pretrain,
  title={Differentially Private Language Models Benefit from Public Pre-training},
  author={Kerrigan, Gavin and Slack, Dylan and Tuyls, Jens},
  booktitle={Proceedings of the Second Workshop on Privacy in NLP},
  pages={39--45},
  year={2020}
}

@article{grad_leak_privacy,
  title={Deep leakage from gradients},
  author={Zhu, Ligeng and Liu, Zhijian and Han, Song},
  journal={Advances in neural information processing systems},
  volume={32},
  year={2019}
}

@inproceedings{Extrac_Train_Data_From_LM,
  title={Extracting Training Data from Large Language Models.},
  author={Carlini, Nicholas and Tramer, Florian and Wallace, Eric and Jagielski, Matthew and Herbert-Voss, Ariel and Lee, Katherine and Roberts, Adam and Brown, Tom B and Song, Dawn and Erlingsson, Ulfar and others},
  booktitle={USENIX Security Symposium},
  volume={6},
  year={2021}
}


@inproceedings{Transfer_Learning_4LM_Generation,
  title={Large-scale transfer learning for natural language generation},
  author={Golovanov, Sergey and Kurbanov, Rauf and Nikolenko, Sergey and Truskovskyi, Kyryl and Tselousov, Alexander and Wolf, Thomas},
  booktitle={Proceedings of the 57th Annual Meeting of the Association for Computational Linguistics},
  pages={6053--6058},
  year={2019}
}

@article{Multi_NMT,
  title={A survey of multilingual neural machine translation},
  author={Dabre, Raj and Chu, Chenhui and Kunchukuttan, Anoop},
  journal={ACM Computing Surveys (CSUR)},
  volume={53},
  number={5},
  pages={1--38},
  year={2020},
  publisher={ACM New York, NY, USA}
}

@inproceedings{DP,
  title={Differential privacy: A survey of results},
  author={Dwork, Cynthia},
  booktitle={Theory and Applications of Models of Computation: 5th International Conference, TAMC 2008, Xi’an, China, April 25-29, 2008. Proceedings 5},
  pages={1--19},
  year={2008},
  organization={Springer}
}


@inproceedings{DP_Text_Analytics,
  title={Differential Privacy for Text Analytics via Natural Text Sanitization},
  author={Yue, Xiang and Du, Minxin and Wang, Tianhao and Li, Yaliang and Sun, Huan and Chow, Sherman SM},
  booktitle={Findings of the Association for Computational Linguistics: ACL-IJCNLP 2021},
  pages={3853--3866},
  year={2021}
}


@techreport{zlib,
  title={Zlib compressed data format specification version 3.3},
  author={Deutsch, Peter and Gailly, Jean-Loup},
  year={1996}
}


@inproceedings{SecretSharingAS,
  title={Secret-sharing schemes: A survey},
  author={Beimel, Amos},
  booktitle={Coding and Cryptology: Third International Workshop, IWCC 2011, Qingdao, China, May 30-June 3, 2011. Proceedings 3},
  pages={11--46},
  year={2011},
  organization={Springer}
}


@article{Shamir_SS,
  title={How to share a secret},
  author={Shamir, Adi},
  journal={Communications of the ACM},
  volume={22},
  number={11},
  pages={612--613},
  year={1979},
  publisher={ACm New York, NY, USA}
}

@article{SGX_Explained,
  title={Intel SGX explained},
  author={Costan, Victor and Devadas, Srinivas},
  journal={Cryptology ePrint Archive},
  year={2016}
}

@article{SGX_Attack,
  title={A Survey of Published Attacks on Intel SGX},
  author={Nilsson, Alexander and Bideh, Pegah Nikbakht and Brorsson, Joakim},
  year={2020}
}

@inproceedings{Cryptflow,
  title={Cryptflow: Secure tensorflow inference},
  author={Kumar, Nishant and Rathee, Mayank and Chandran, Nishanth and Gupta, Divya and Rastogi, Aseem and Sharma, Rahul},
  booktitle={2020 IEEE Symposium on Security and Privacy (SP)},
  pages={336--353},
  year={2020},
  organization={IEEE}
}

@article{SecureNN,
  title={SecureNN: 3-Party Secure Computation for Neural Network Training.},
  author={Wagh, Sameer and Gupta, Divya and Chandran, Nishanth},
  journal={Proc. Priv. Enhancing Technol.},
  volume={2019},
  number={3},
  pages={26--49},
  year={2019}
}

@article{S++,
  title={S++: A Fast and Deployable Secure-Computation Framework for Privacy-Preserving Neural Network Training},
  author={Ramachandran, Prashanthi and Agarwal, Shivam and Mondal, Arup and Shah, Aastha and Gupta, Debayan},
  year={2021}
}

@inproceedings{MPC_Fix_Point,
  title={Secure computation with fixed-point numbers},
  author={Catrina, Octavian and Saxena, Amitabh},
  booktitle={Financial Cryptography and Data Security: 14th International Conference, FC 2010, Tenerife, Canary Islands, January 25-28, 2010, Revised Selected Papers 14},
  pages={35--50},
  year={2010},
  organization={Springer}
}

@article{Random_Algorithm,
  title={Randomized Algorithms},
  author={Motwani, Rajeev and Raghavan, Prabhakax},
  journal={ACM SIGACT News},
  volume={26},
  number={3},
  pages={48--50},
  year={1995},
  publisher={ACM New York, NY, USA}
}

@article{SecureNLP,
  title={SecureNLP: A system for multi-party privacy-preserving natural language processing},
  author={Feng, Qi and He, Debiao and Liu, Zhe and Wang, Huaqun and Choo, Kim-Kwang Raymond},
  journal={IEEE Transactions on Information Forensics and Security},
  volume={15},
  pages={3709--3721},
  year={2020},
  publisher={IEEE}
}


@inproceedings{Universally_Compsable,
  title={Universally composable security: A new paradigm for cryptographic protocols},
  author={Canetti, Ran},
  booktitle={Proceedings 42nd IEEE Symposium on Foundations of Computer Science},
  pages={136--145},
  year={2001},
  organization={IEEE}
}

@inproceedings{Simple_UC,
  title={A simpler variant of universally composable security for standard multiparty computation},
  author={Canetti, Ran and Cohen, Asaf and Lindell, Yehuda},
  booktitle={Advances in Cryptology--CRYPTO 2015: 35th Annual Cryptology Conference, Santa Barbara, CA, USA, August 16-20, 2015, Proceedings, Part II 35},
  pages={3--22},
  year={2015},
  organization={Springer}
}

@article{Sim_Proof,
  title={How to simulate it--a tutorial on the simulation proof technique},
  author={Lindell, Yehuda},
  journal={Tutorials on the Foundations of Cryptography: Dedicated to Oded Goldreich},
  pages={277--346},
  year={2017},
  publisher={Springer}
}

@inproceedings{Sharemind,
  title={Sharemind: A framework for fast privacy-preserving computations},
  author={Bogdanov, Dan and Laur, Sven and Willemson, Jan},
  booktitle={Computer Security-ESORICS 2008: 13th European Symposium on Research in Computer Security, M{\'a}laga, Spain, October 6-8, 2008. Proceedings 13},
  pages={192--206},
  year={2008},
  organization={Springer}
}

@inproceedings{Threshold_ECDSA,
  title={Threshold ECDSA from ECDSA assumptions: The multiparty case},
  author={Doerner, Jack and Kondi, Yashvanth and Lee, Eysa and Shelat, Abhi},
  booktitle={2019 IEEE Symposium on Security and Privacy (SP)},
  pages={1051--1066},
  year={2019},
  organization={IEEE}
}

@inproceedings{beaver_efficient,
  title={Efficient multiparty protocols using circuit randomization},
  author={Beaver, Donald},
  booktitle={Advances in Cryptology—CRYPTO’91: Proceedings 11},
  pages={420--432},
  year={1992},
  organization={Springer}
}

@inproceedings{fix_point_mpc,
  title={Secure computation with fixed-point numbers},
  author={Catrina, Octavian and Saxena, Amitabh},
  booktitle={Financial Cryptography and Data Security: 14th International Conference, FC 2010, Tenerife, Canary Islands, January 25-28, 2010, Revised Selected Papers 14},
  pages={35--50},
  year={2010},
  organization={Springer}
}

@inproceedings{SGX_Exposure,
  title={Software Grand Exposure: SGX Cache Attacks Are Practical.},
  author={Brasser, Ferdinand and M{\"u}ller, Urs and Dmitrienko, Alexandra and Kostiainen, Kari and Capkun, Srdjan and Sadeghi, Ahmad-Reza},
  booktitle={WOOT},
  pages={11--11},
  year={2017}
}

@inproceedings{High_Resolution_Side_Channels,
  title={High-Resolution Side Channels for Untrusted Operating Systems.},
  author={H{\"a}hnel, Marcus and Cui, Weidong and Peinado, Marcus},
  booktitle={USENIX Annual Technical Conference},
  volume={17},
  year={2017}
}

@inproceedings{Cache_Attack_SGX,
  title={Cache attacks on Intel SGX},
  author={G{\"o}tzfried, Johannes and Eckert, Moritz and Schinzel, Sebastian and M{\"u}ller, Tilo},
  booktitle={Proceedings of the 10th European Workshop on Systems Security},
  pages={1--6},
  year={2017}
}

@inproceedings{CacheZoom,
  title={Cachezoom: How SGX amplifies the power of cache attacks},
  author={Moghimi, Ahmad and Irazoqui, Gorka and Eisenbarth, Thomas},
  booktitle={Cryptographic Hardware and Embedded Systems--CHES 2017: 19th International Conference, Taipei, Taiwan, September 25-28, 2017, Proceedings},
  pages={69--90},
  year={2017},
  organization={Springer}
}

@inproceedings{SGX_Cache,
  title={Malware guard extension: Using SGX to conceal cache attacks},
  author={Schwarz, Michael and Weiser, Samuel and Gruss, Daniel and Maurice, Cl{\'e}mentine and Mangard, Stefan},
  booktitle={Detection of Intrusions and Malware, and Vulnerability Assessment: 14th International Conference, DIMVA 2017, Bonn, Germany, July 6-7, 2017, Proceedings 14},
  pages={3--24},
  year={2017},
  organization={Springer}
}

@inproceedings{mem_side_hazard,
  title={Leaky cauldron on the dark land: Understanding memory side-channel hazards in SGX},
  author={Wang, Wenhao and Chen, Guoxing and Pan, Xiaorui and Zhang, Yinqian and Wang, XiaoFeng and Bindschaedler, Vincent and Tang, Haixu and Gunter, Carl A},
  booktitle={Proceedings of the 2017 ACM SIGSAC Conference on Computer and Communications Security},
  pages={2421--2434},
  year={2017}
}

@inproceedings{Oblix,
  title={Oblix: An efficient oblivious search index},
  author={Mishra, Pratyush and Poddar, Rishabh and Chen, Jerry and Chiesa, Alessandro and Popa, Raluca Ada},
  booktitle={2018 IEEE Symposium on Security and Privacy (SP)},
  pages={279--296},
  year={2018},
  organization={IEEE}
}

@inproceedings{Detecting_privileged_side_channel_attacks,
  title={Detecting privileged side-channel attacks in shielded execution with D{\'e}j{\'a} Vu},
  author={Chen, Sanchuan and Zhang, Xiaokuan and Reiter, Michael K and Zhang, Yinqian},
  booktitle={Proceedings of the 2017 ACM on Asia Conference on Computer and Communications Security},
  pages={7--18},
  year={2017}
}

@inproceedings{Sanctum,
  title={Sanctum: Minimal Hardware Extensions for Strong Software Isolation.},
  author={Costan, Victor and Lebedev, Ilia A and Devadas, Srinivas},
  booktitle={USENIX Security Symposium},
  pages={857--874},
  year={2016}
}

@inproceedings{Strong_and_Efficient_Cache_Side_Channel_Protection,
  title={Strong and Efficient Cache Side-Channel Protection using Hardware Transactional Memory.},
  author={Gruss, Daniel and Lettner, Julian and Schuster, Felix and Ohrimenko, Olga and Haller, Istvan and Costa, Manuel},
  booktitle={USENIX Security Symposium},
  pages={217--233},
  year={2017}
}

@inproceedings{T-SGX,
  title={T-SGX: Eradicating Controlled-Channel Attacks Against Enclave Programs.},
  author={Shih, Ming-Wei and Lee, Sangho and Kim, Taesoo and Peinado, Marcus},
  booktitle={NDSS},
  year={2017}
}

@inproceedings{minefield,
  title={Minefield: A Software-only Protection for $\{$SGX$\}$ Enclaves against $\{$DVFS$\}$ Attacks},
  author={Kogler, Andreas and Gruss, Daniel and Schwarz, Michael},
  booktitle={31st USENIX Security Symposium (USENIX Security 22)},
  pages={4147--4164},
  year={2022}
}

@article{PMFaultFA,
  title={PMFault: Faulting and Bricking Server CPUs through Management Interfaces},
  author={Zitai Chen and David F. Oswald},
  journal={ArXiv},
  year={2023},
  volume={abs/2301.05538}
}

@article{VoltJockeyAN,
  title={VoltJockey: A New Dynamic Voltage Scaling-Based Fault Injection Attack on Intel SGX},
  author={Pengfei Qiu and Dongsheng Wang and Yongqiang Lyu and Rui Tian and Chunlu Wang and Gang Qu},
  journal={IEEE Transactions on Computer-Aided Design of Integrated Circuits and Systems},
  year={2021},
  volume={40},
  pages={1130-1143}
}

@article{MoLEMO,
  title={MoLE: Mitigation of Side-channel Attacks against SGX via Dynamic Data Location Escape},
  author={Fan Lang and Wen Wang and Lingjia Meng and Jingqiang Lin and Qiongxiao Wang and Linli Lu},
  journal={Proceedings of the 38th Annual Computer Security Applications Conference},
  year={2022}
}

@inproceedings{RepurposingSA,
  title={Repurposing Segmentation as a Practical LVI-NULL Mitigation in SGX},
  author={Lukas Giner and Andreas Kogler and Claudio Canella and Michael Schwarz and Daniel Gruss},
  booktitle={USENIX Security Symposium},
  year={2022}
}


@inproceedings{keystone,
  title={Keystone: An open framework for architecting trusted execution environments},
  author={Lee, Dayeol and Kohlbrenner, David and Shinde, Shweta and Asanovi{\'c}, Krste and Song, Dawn},
  booktitle={Proceedings of the Fifteenth European Conference on Computer Systems},
  pages={1--16},
  year={2020}
}

@inproceedings{hyperenclave,
  title={$\{$HyperEnclave$\}$: An Open and Cross-platform Trusted Execution Environment},
  author={Jia, Yuekai and Liu, Shuang and Wang, Wenhao and Chen, Yu and Zhai, Zhengde and Yan, Shoumeng and He, Zhengyu},
  booktitle={2022 USENIX Annual Technical Conference (USENIX ATC 22)},
  pages={437--454},
  year={2022}
}

@inproceedings{aby3,
  title={ABY3: A mixed protocol framework for machine learning},
  author={Mohassel, Payman and Rindal, Peter},
  booktitle={Proceedings of the 2018 ACM SIGSAC conference on computer and communications security},
  pages={35--52},
  year={2018}
}

@inproceedings{cryptgpu,
  title={CryptGPU: Fast privacy-preserving machine learning on the GPU},
  author={Tan, Sijun and Knott, Brian and Tian, Yuan and Wu, David J},
  booktitle={2021 IEEE Symposium on Security and Privacy (SP)},
  pages={1021--1038},
  year={2021},
  organization={IEEE}
}

@article{secgnn,
  title={SecGNN: Privacy-Preserving Graph Neural Network Training and Inference as a Cloud Service},
  author={Wang, Songlei and Zheng, Yifeng and Jia, Xiaohua},
  journal={IEEE Transactions on Services Computing},
  year={2023},
  publisher={IEEE}
}

@inproceedings{secureml,
  title={Secureml: A system for scalable privacy-preserving machine learning},
  author={Mohassel, Payman and Zhang, Yupeng},
  booktitle={2017 IEEE symposium on security and privacy (SP)},
  pages={19--38},
  year={2017},
  organization={IEEE}
}

@article{Algorithmic_Foundations_of_DP,
  title={The algorithmic foundations of differential privacy},
  author={Dwork, Cynthia and Roth, Aaron and others},
  journal={Foundations and Trends{\textregistered} in Theoretical Computer Science},
  volume={9},
  number={3--4},
  pages={211--407},
  year={2014},
  publisher={Now Publishers, Inc.}
}

@inproceedings{mcsherry2007mechanism,
  title={Mechanism design via differential privacy},
  author={McSherry, Frank and Talwar, Kunal},
  booktitle={48th Annual IEEE Symposium on Foundations of Computer Science (FOCS'07)},
  pages={94--103},
  year={2007},
  organization={IEEE}
}

@inproceedings{dwork2006our,
  title={Our data, ourselves: Privacy via distributed noise generation},
  author={Dwork, Cynthia and Kenthapadi, Krishnaram and McSherry, Frank and Mironov, Ilya and Naor, Moni},
  booktitle={Advances in Cryptology-EUROCRYPT 2006: 24th Annual International Conference on the Theory and Applications of Cryptographic Techniques, St. Petersburg, Russia, May 28-June 1, 2006. Proceedings 25},
  pages={486--503},
  year={2006},
  organization={Springer}
}

@inproceedings{dwork2006calibrating,
  title={Calibrating noise to sensitivity in private data analysis},
  author={Dwork, Cynthia and McSherry, Frank and Nissim, Kobbi and Smith, Adam},
  booktitle={Theory of Cryptography: Third Theory of Cryptography Conference, TCC 2006, New York, NY, USA, March 4-7, 2006. Proceedings 3},
  pages={265--284},
  year={2006},
  organization={Springer}
}

@inproceedings{rdp,
  title={R{\'e}nyi differential privacy},
  author={Mironov, Ilya},
  booktitle={2017 IEEE 30th computer security foundations symposium (CSF)},
  pages={263--275},
  year={2017},
  organization={IEEE}
}

@inproceedings{DLDP,
  title={Deep learning with differential privacy},
  author={Abadi, Martin and Chu, Andy and Goodfellow, Ian and McMahan, H Brendan and Mironov, Ilya and Talwar, Kunal and Zhang, Li},
  booktitle={Proceedings of the 2016 ACM SIGSAC conference on computer and communications security},
  pages={308--318},
  year={2016}
}

@inproceedings{Mechanism_DP,
  title={Mechanism design via differential privacy},
  author={McSherry, Frank and Talwar, Kunal},
  booktitle={48th Annual IEEE Symposium on Foundations of Computer Science (FOCS'07)},
  pages={94--103},
  year={2007},
  organization={IEEE}
}

@inproceedings{LaplaceM,
  title={Calibrating noise to sensitivity in private data analysis},
  author={Dwork, Cynthia and McSherry, Frank and Nissim, Kobbi and Smith, Adam},
  booktitle={Theory of Cryptography: Third Theory of Cryptography Conference, TCC 2006, New York, NY, USA, March 4-7, 2006. Proceedings 3},
  pages={265--284},
  year={2006},
  organization={Springer}
}


@inproceedings{DPRNN,
  title={Learning Differentially Private Recurrent Language Models},
  author={McMahan, H Brendan and Ramage, Daniel and Talwar, Kunal and Zhang, Li},
  booktitle={International Conference on Learning Representations}
}

@inproceedings{DP_Pretrain,
  title={Differentially Private Language Models Benefit from Public Pre-training},
  author={Kerrigan, Gavin and Slack, Dylan and Tuyls, Jens},
  booktitle={Proceedings of the Second Workshop on Privacy in NLP},
  pages={39--45},
  year={2020}
}

@article{DP_Personal,
  title={Differential privacy: Now it's getting personal},
  author={Ebadi, Hamid and Sands, David and Schneider, Gerardo},
  journal={Acm Sigplan Notices},
  volume={50},
  number={1},
  pages={69--81},
  year={2015},
  publisher={ACM New York, NY, USA}
}

@inproceedings{onesideDP,
  title={One-sided differential privacy},
  author={Kotsogiannis, Ios and Doudalis, Stelios and Haney, Sam and Machanavajjhala, Ashwin and Mehrotra, Sharad},
  booktitle={2020 IEEE 36th International Conference on Data Engineering (ICDE)},
  pages={493--504},
  year={2020},
  organization={IEEE}
}


@inproceedings{makingPTLM_few_shot,
  title={Making pre-trained language models better few-shot learners},
  author={Gao, Tianyu and Fisch, Adam and Chen, Danqi},
  booktitle={Joint Conference of the 59th Annual Meeting of the Association for Computational Linguistics and the 11th International Joint Conference on Natural Language Processing, ACL-IJCNLP 2021},
  pages={3816--3830},
  year={2021},
  organization={Association for Computational Linguistics (ACL)}
}


@article{EmergentLLM,
  title={Emergent abilities of large language models},
  author={Wei, Jason and Tay, Yi and Bommasani, Rishi and Raffel, Colin and Zoph, Barret and Borgeaud, Sebastian and Yogatama, Dani and Bosma, Maarten and Zhou, Denny and Metzler, Donald and others},
  journal={arXiv preprint arXiv:2206.07682},
  year={2022}
}

@inproceedings{systematicLLM,
  title={A systematic evaluation of large language models of code},
  author={Xu, Frank F and Alon, Uri and Neubig, Graham and Hellendoorn, Vincent Josua},
  booktitle={Proceedings of the 6th ACM SIGPLAN International Symposium on Machine Programming},
  pages={1--10},
  year={2022}
}

@article{tensorflow,
  title={TensorFlow: Large-Scale Machine Learning on Heterogeneous Distributed Systems},
  author={Abadi, Mart{\'\i}n and Agarwal, Ashish and Barham, Paul and Brevdo, Eugene and Chen, Zhifeng and Citro, Craig and Corrado, Greg and Davis, Andy and Dean, Jeffrey and Devin, Matthieu and others},
  year={2015}
}

@inproceedings{NMTBPE,
  title={Neural Machine Translation of Rare Words with Subword Units},
  author={Sennrich, Rico and Haddow, Barry and Birch, Alexandra},
  booktitle={54th Annual Meeting of the Association for Computational Linguistics},
  pages={1715--1725},
  year={2016},
  organization={Association for Computational Linguistics (ACL)}
}

@inproceedings{canary,
  title={The Secret Sharer: Evaluating and Testing Unintended Memorization in Neural Networks.},
  author={Carlini, Nicholas and Liu, Chang and Erlingsson, {\'U}lfar and Kos, Jernej and Song, Dawn},
  booktitle={USENIX Security Symposium},
  volume={267},
  year={2019}
}

@inproceedings{selectivedp,
  title={Selective Differential Privacy for Language Modeling},
  author={Shi, Weiyan and Cui, Aiqi and Li, Evan and Jia, Ruoxi and Yu, Zhou},
  booktitle={Proceedings of the 2022 Conference of the North American Chapter of the Association for Computational Linguistics: Human Language Technologies},
  pages={2848--2859},
  year={2022}
}

@inproceedings{fixpoint_bp_train,
  title={Fixed-point back-propagation training},
  author={Zhang, Xishan and Liu, Shaoli and Zhang, Rui and Liu, Chang and Huang, Di and Zhou, Shiyi and Guo, Jiaming and Guo, Qi and Du, Zidong and Zhi, Tian and others},
  booktitle={Proceedings of the IEEE/CVF Conference on Computer Vision and Pattern Recognition},
  pages={2330--2338},
  year={2020}
}


@inproceedings{Post_training_piecewise_lin,
  title={Post-training piecewise linear quantization for deep neural networks},
  author={Fang, Jun and Shafiee, Ali and Abdel-Aziz, Hamzah and Thorsley, David and Georgiadis, Georgios and Hassoun, Joseph H},
  booktitle={Computer Vision--ECCV 2020: 16th European Conference, Glasgow, UK, August 23--28, 2020, Proceedings, Part II 16},
  pages={69--86},
  year={2020},
  organization={Springer}
}

@inproceedings{gupta2020compression,
  title={Compression of deep learning models for NLP},
  author={Gupta, Manish and Varma, Vasudeva and Damani, Sonam and Narahari, Kedhar Nath},
  booktitle={Proceedings of the 29th ACM International Conference on Information \& Knowledge Management},
  pages={3507--3508},
  year={2020}
}

@inproceedings{zafrir2019q8bert,
  title={Q8bert: Quantized 8bit bert},
  author={Zafrir, Ofir and Boudoukh, Guy and Izsak, Peter and Wasserblat, Moshe},
  booktitle={2019 Fifth Workshop on Energy Efficient Machine Learning and Cognitive Computing-NeurIPS Edition (EMC2-NIPS)},
  pages={36--39},
  year={2019},
  organization={IEEE}
}

@article{mireshghallah2022memorization,
  title={Memorization in NLP Fine-tuning Methods},
  author={Mireshghallah, Fatemehsadat and Uniyal, Archit and Wang, Tianhao and Evans, David and Berg-Kirkpatrick, Taylor},
  journal={arXiv preprint arXiv:2205.12506},
  year={2022}
}

@article{opacus,
  title={Opacus: {U}ser-Friendly Differential Privacy Library in {PyTorch}},
  author={Ashkan Yousefpour and Igor Shilov and Alexandre Sablayrolles and Davide Testuggine and Karthik Prasad and Mani Malek and John Nguyen and Sayan Ghosh and Akash Bharadwaj and Jessica Zhao and Graham Cormode and Ilya Mironov},
  journal={arXiv preprint arXiv:2109.12298},
  year={2021}
}

@misc{gpt4,
      title={GPT-4 Technical Report}, 
      author={OpenAI},
      year={2023},
      eprint={2303.08774},
      archivePrefix={arXiv},
      primaryClass={cs.CL}
}

@inproceedings{RealToxicityPrompts,
  title={RealToxicityPrompts: Evaluating Neural Toxic Degeneration in Language Models},
  author={Gehman, Samuel and Gururangan, Suchin and Sap, Maarten and Choi, Yejin and Smith, Noah A},
  booktitle={Findings of the Association for Computational Linguistics: EMNLP 2020},
  pages={3356--3369},
  year={2020}
}


@article{Counterfactual,
  title={Counterfactual memorization in neural language models},
  author={Zhang, Chiyuan and Ippolito, Daphne and Lee, Katherine and Jagielski, Matthew and Tram{\`e}r, Florian and Carlini, Nicholas},
  journal={arXiv preprint arXiv:2112.12938},
  year={2021}
}

@inproceedings{LMPPMean,
  title={What Does it Mean for a Language Model to Preserve Privacy?},
  author={Brown, Hannah and Lee, Katherine and Mireshghallah, Fatemehsadat and Shokri, Reza and Tram{\`e}r, Florian},
  booktitle={2022 ACM Conference on Fairness, Accountability, and Transparency},
  pages={2280--2292},
  year={2022}
}

@inproceedings{secureml,
  title={Secureml: A system for scalable privacy-preserving machine learning},
  author={Mohassel, Payman and Zhang, Yupeng},
  booktitle={2017 IEEE symposium on security and privacy (SP)},
  pages={19--38},
  year={2017},
  organization={IEEE}
}

@inproceedings{spd,
  title={SPD: efficient MPC mod for dishonest majority},
  author={Cramer, Ronald and Damg{\aa}rd, Ivan and Escudero, Daniel and Scholl, Peter and Xing, Chaoping},
  booktitle={Advances in Cryptology--CRYPTO 2018: 38th Annual International Cryptology Conference, Santa Barbara, CA, USA, August 19--23, 2018, Proceedings, Part II},
  pages={769--798},
  year={2018},
  organization={Springer}
}

@article{wu2018training,
  title={Training and inference with integers in deep neural networks},
  author={Wu, Shuang and Li, Guoqi and Chen, Feng and Shi, Luping},
  journal={arXiv preprint arXiv:1802.04680},
  year={2018}
}

@inproceedings{agrawal2019quotient,
  title={QUOTIENT: two-party secure neural network training and prediction},
  author={Agrawal, Nitin and Shahin Shamsabadi, Ali and Kusner, Matt J and Gasc{\'o}n, Adri{\`a}},
  booktitle={Proceedings of the 2019 ACM SIGSAC Conference on Computer and Communications Security},
  pages={1231--1247},
  year={2019}
}

@article{FLSSGS,
  title={基于秘密分享和梯度选择的高效安全联邦学习},
  author={董业 and 侯炜 and 陈小军 and 曾帅},
  journal={计算机研究与发展},
  volume={57},
  number={10},
  pages={2241--2250},
  year={2020}
}

@inproceedings{demmler2015aby,
  title={ABY-A framework for efficient mixed-protocol secure two-party computation.},
  author={Demmler, Daniel and Schneider, Thomas and Zohner, Michael},
  booktitle={NDSS},
  year={2015}
}

@inproceedings{patra2021aby2,
  title={ABY2. 0: Improved Mixed-Protocol Secure Two-Party Computation.},
  author={Patra, Arpita and Schneider, Thomas and Suresh, Ajith and Yalame, Hossein},
  booktitle={USENIX Security Symposium},
  pages={2165--2182},
  year={2021}
}

@inproceedings{mohassel2018aby3,
  title={ABY3: A mixed protocol framework for machine learning},
  author={Mohassel, Payman and Rindal, Peter},
  booktitle={Proceedings of the 2018 ACM SIGSAC conference on computer and communications security},
  pages={35--52},
  year={2018}
}

@article{chaudhari2019trident,
  title={Trident: Efficient 4pc framework for privacy preserving machine learning},
  author={Chaudhari, Harsh and Rachuri, Rahul and Suresh, Ajith},
  journal={arXiv preprint arXiv:1912.02631},
  year={2019}
}

@article{PPSVM,
  title={面向征信数据安全共享的 SVM 训练机制},
  author={沈蒙 and 张杰 and 祝烈煌 and 徐恪 and 张开翔 and 李辉忠 and 唐湘云},
  journal={计算机学报},
  volume={44},
  number={4},
  pages={696--708},
  year={2021}
}

@article{hardt2014noisy,
  title={The noisy power method: A meta algorithm with applications},
  author={Hardt, Moritz and Price, Eric},
  journal={Advances in neural information processing systems},
  volume={27},
  year={2014}
}

@inproceedings{abadi2016deep,
  title={Deep learning with differential privacy},
  author={Abadi, Martin and Chu, Andy and Goodfellow, Ian and McMahan, H Brendan and Mironov, Ilya and Talwar, Kunal and Zhang, Li},
  booktitle={Proceedings of the 2016 ACM SIGSAC conference on computer and communications security},
  pages={308--318},
  year={2016}
}

@article{papernot2016semi,
  title={SEMI-SUPERVISED KNOWLEDGE TRANSFER FOR DEEP LEARNING FROM PRIVATE TRAINING DATA},
  author={Papernot, Nicolas and Abadi, Mart{\i}n and Erlingsson, Ulfar and Goodfellow, Ian and Talwar, Kunal},
  journal={stat},
  volume={1050},
  pages={7},
  year={2016}
}

@article{CDFL,
  title={面向企业数据孤岛的联邦排序学习},
  author={史鼎元 and 王晏晟 and 郑鹏飞 and 童咏昕},
  journal={软件学报},
  volume={32},
  number={3},
  pages={669--688},
  year={2021}
}

@inproceedings{zhao2022provably,
  title={Provably Confidential Language Modelling},
  author={Zhao, Xuandong and Li, Lei and Wang, Yu-Xiang},
  booktitle={Proceedings of the 2022 Conference of the North American Chapter of the Association for Computational Linguistics: Human Language Technologies},
  pages={943--955},
  year={2022}
}

@article{bombari2022towards,
  title={Towards Differential Relational Privacy and its use in Question Answering},
  author={Bombari, Simone and Achille, Alessandro and Wang, Zijian and Wang, Yu-Xiang and Xie, Yusheng and Singh, Kunwar Yashraj and Appalaraju, Srikar and Mahadevan, Vijay and Soatto, Stefano},
  journal={arXiv preprint arXiv:2203.16701},
  year={2022}
}

@inproceedings{DPSSGD,
author = {Wu, Xi and Li, Fengan and Kumar, Arun and Chaudhuri, Kamalika and Jha, Somesh and Naughton, Jeffrey},
title = {Bolt-on Differential Privacy for Scalable Stochastic Gradient Descent-Based Analytics},
year = {2017},
isbn = {9781450341974},
publisher = {Association for Computing Machinery},
address = {New York, NY, USA},
url = {https://doi.org/10.1145/3035918.3064047},
doi = {10.1145/3035918.3064047},
booktitle = {Proceedings of the 2017 ACM International Conference on Management of Data},
pages = {1307–1322},
numpages = {16},
keywords = {stochastic gradient descent, optimization, differential privacy, scalable data analytics},
location = {Chicago, Illinois, USA},
series = {SIGMOD '17}
}


@inproceedings{lee2019occlumency,
  title={Occlumency: Privacy-preserving remote deep-learning inference using sgx},
  author={Lee, Taegyeong and Lin, Zhiqi and Pushp, Saumay and Li, Caihua and Liu, Yunxin and Lee, Youngki and Xu, Fengyuan and Xu, Chenren and Zhang, Lintao and Song, Junehwa},
  booktitle={The 25th Annual International Conference on Mobile Computing and Networking},
  pages={1--17},
  year={2019}
}


@article{hua2020guardnn,
  title={GuardNN: Secure DNN accelerator for privacy-preserving deep learning},
  author={Hua, Weizhe and Umar, Muhammad and Zhang, Zhiru and Suh, G Edward},
  journal={arXiv preprint arXiv:2008.11632},
  year={2020}
}

@article{hashemi2020darknight,
  title={Darknight: A data privacy scheme for training and inference of deep neural networks},
  author={Hashemi, Hanieh and Wang, Yongqin and Annavaram, Murali},
  journal={arXiv preprint arXiv:2006.01300},
  year={2020}
}

























@article{knuth84,
  author     = {Donald E. Knuth},
  title      = {Literate Programming},
  journal    = {The Computer Journal},
  year       = {1984},
  number     = {2},
  volume     = {27},
  pages      = {97--111},
}

@book{knuth86a,
  author     = {Donald E. Knuth},
  title      = {The {\TeX}book},
  volume     = {A},
  publisher  = {Addison-Wesley},
  address    = {Reading, MA, USA},
  year       = {1986},
  series     = {Computers and Typesetting},
}

@book{lamport94,
  author     = {Leslie Lamport},
  title      = {{\LaTeX}: a Document Preparation System},
  publisher  = {Addison-Wesley},
  address    = {Reading, MA, USA},
  edition    = {2},
  year       = {1994},
}

@book{tlc2,
  author     = {Frank Mittelbach and Michel Goossens and Johannes
                 Braams and David Carlisle},
  title      = {The {\LaTeX} Companion},
  publisher  = {Addison-Wesley},
  address    = {Reading, MA, USA},
  edition    = {2},
  year       = {2004},
}


2.14.1 顺序编码制

@book{sunliguang2016jidi,
  editor     = {孙立广},
  title      = {极地科学前沿与热点：顶级期刊论文摘要汇编（1999—2010）},
  address    = {合肥},
  publisher  = {中国科学技术大学出版社},
  year       = {2016},
  pages      = {222},
}

@book{liyongchi2016zhangliang,
  author     = {李永池},
  title      = {张量初步和近代连续介质力学概论},
  edition    = {2},
  address    = {合肥},
  publisher  = {中国科学技术大学出版社},
  year       = {2016},
  pages      = {61},
}

@book{liujingshuang2014shidi,
  author     = {刘景双},
  title      = {湿地生态系统碳、氮、硫、磷生物地球化学过程},
  address    = {合肥},
  publisher  = {中国科学技术大学出版社},
  year       = {2014},
}

@book{crawford1995future,
  author     = {Crawford, Walt and Gorman, Michael},
  title      = {Future Libraries: Dreams, Madness, \& Reality},
  address    = {Chicago},
  publisher  = {American Library Association},
  year       = {1995},
}

@book{ifla1977names,
  author     = {{International Federation of Library Association and Institutions}},
  title      = {Names of Persons: National Usage for Entry in Catalogues},
  edition    = {3},
  address    = {London},
  publisher  = {IFLA Internation Office for UBC},
  year       = {1977},
}

@incollection{chenggenwei1999hongshui,
  author     = {程根伟},
  title      = {1998年长江洪水的成因与减灾对策},
  editor     = {许厚泽 and 赵其国},
  booktitle  = {长江流域洪涝灾害与科技对策},
  address    = {北京},
  publisher  = {科学出版社},
  year       = {1999},
  pages      = {26--32},
}

@incollection{chenjinbiao1980jixian,
  author     = {陈晋镳 and 张惠民 and 朱士兴 and 赵震 and 王振刚},
  title      = {蓟县震旦亚界研究},
  editor     = {中国地质科学院天津地质矿产研究所},
  booktitle  = {中国震旦亚界},
  address    = {天津},
  publisher  = {天津科学技术出版社},
  year       = {1980},
  pages      = {56--114},
}

@incollection{buseck2018subsolidus,
  title      = {Subsolidus Phenomena in Pyroxenes},
  author     = {Buseck, Peter R and Nord, Jr., Gordon L and Veblen, David R},
  editor     = {Charles T. Prewitt},
  booktitle  = {Pyroxenes},
  address    = {Washington, D.C.},
  publisher  = {Mineralogical Society of America},
  year       = {1980},
  pages      = {117--212},
}

@inproceedings{fourney1971advances,
  author     = {Fourney, M E},
  title      = {Advances in Holographic Photoelasticity},
  booktitle  = {American Society of Mechanical Engineers．Applied Mechanics Division．Symposium on Applications of Holography in Mechanics, August 23-25,1971,University of Southern California, Los Angeles, California},
  address    = {New York},
  publisher  = {ASME},
  year       = {1971},
  pages      = {17--38},
}

@article{kongqingyong2015keji,
  author     = {孔庆勇 and 郭红健 and 孔庆和},
  title      = {我国科技期刊的金字塔分层模型及发展路径初探},
  journal    = {中国科技期刊研究},
  year       = {2015},
  volume     = {26},
  number     = {10},
  pages      = {1100--1103},
}

@article{yanghongsheng2013siku,
  author     = {杨洪升},
  title      = {四库馆私家抄校书考略},
  journal    = {文献},
  year       = {2013},
  number     = {1},
  pages      = {56--75},
}

@article{yuxiao2012hulianwang,
  author     = {于潇 and 刘义 and 柴跃廷 and others},
  title      = {互联网药品可信交易环境中主体资质审核备案模式},
  journal    = {清华大学学报(自然科学版)},
  year       = {2012},
  volume     = {52},
  number     = {11},
  pages      = {1518--1521},
}

@article{desmarais1992carbon,
  author     = {Des Marais, David J and Strauss, H and Summons, R E and others},
  title      = {Carbon Isotope Evidence for the Stepwise Oxidation of the Proterozoic Environment},
  journal    = {Nature},
  year       = {1992},
  volume     = {359},
  pages      = {605--609},
}

@article{hewitt1984technical,
  title      = {Technical Services in 1983},
  author     = {HEWITT, Joe A},
  journal    = {Library Resource Services},
  year       = {1984},
}

@newspaper{dingwenxiang2000shuzi,
  author     = {丁文详},
  title      = {数字革命与竞争国际化},
  journal    = {中国青年报},
  year       = {2000},
  date       = {2000-11-20},
  number     = {15},
}

@patent{jiangxizhou1989waifu,
  author     = {姜锡洲},
  title      = {一种温热外敷药制备方案},
  address    = {中国},
  number     = {88105607.3},
  year       = {1989},
  date       = {1989-07-26},
}

@database{wanjinkun1996wenzhai,
  author     = {万锦坤},
  title      = {中国大学学报论文文摘（1983--1993）（英文版）},
  medium     = {CD},
  address    = {北京},
  publisher  = {中国大百科全书出版社},
  year       = {1996},
}

@article{christine1998plant,
  title      = {Plant physiology: Plant Biology in the {Genome Era}},
  author     = {Mlot, Christine},
  journal    = {Science},
  volume     = {281},
  pages      = {331--332},
  year       = {1998},
  urldate    = {1998-09-23},
}

@phdthesis{sunyuwen2000hanyu,
  author     = {孙玉文},
  title      = {汉语变调构词研究},
  address    = {北京},
  school     = {北京大学},
  year       = {2000},
}

@phdthesis{cairns1965infrared,
  author     = {Cairns, Bruce Richard},
  title      = {Infrared Spectroscopic Studies of Solid Oxygen},
  address    = {Berkeley},
  school     = {Univ. of California},
  date       = {1965},
}

@proceedings{lixuexuehui1990lunwenji,
  title      = {第 3 届全国实验流体力学学术会议论文集},
  editor     = {中国力学学会},
  address    = {天津},
  year       = {1990},
}

@proceedings{rosenthall1963mathematical,
  editor     = {Rosenthall, Edward M},
  title      = {Proceedings of the {Fifth Canadian Mathematical Congress}, {University of Montreal}, 1961},
  address    = {Toronto},
  publisher  = {University of Toronto Press},
  year       = {1963},
}


2.14.2 著者-出版年制

@book{baker1995future,
  author     = {Baker, S K and Jackson, M E},
  title      = {The Future of Resource Sharing},
  address    = {New York},
  publisher  = {The Haworth Press},
  year       = {1995},
}

@book{nigeluopangdi1996shuzi,
  author     = {尼葛洛庞帝},
  title      = {数字化生存},
  translator = {胡泳 and 范海燕},
  address    = {海口},
  publisher  = {海南出版社},
  year       = {1996},
  key        = {ni2 ge3 luo4 pang2 di4},
}

@article{yangzongying1996dianzi,
  author     = {杨宗英},
  title      = {电子图书馆的现实模型},
  journal    = {中国图书馆学报},
  year       = {1996},
  number     = {2},
  pages      = {24--29},
  key        = {yang2 zong1 ying1},
}

@book{liubin2014lixue,
  author     = {刘斌},
  title      = {力学},
  address    = {合肥},
  puslisher  = {中国科学技术大学出版社},
  pages      = {24--29},
  year       = {2014},
  key        = {yang2 zong1 ying1},
}


本科毕业论文（设计）参考文献式样

@article{liuliuwenfu2000wangluo,
  author     = {刘文富 and 顾丽梅},
  title      = {网络时代经济发展战略特征},
  journal    = {学术研究},
  year       = {2000},
  volume     = {21},
  number     = {4},
  pages      = {35--40},
}

@book{xiaodu2000zhishi,
  author     = {肖渡 and 沈群红 and 张芸 and 胡汉辉},
  title      = {知识时代的企业合作经营},
  address    = {北京},
  publisher  = {北京大学出版社},
  year       = {2000},
  pages      = {67--69},
}

@article{betts2005aging,
  title      = {Aging Reduces Center-surround Antagonism in Visual Motion Processing},
  author     = {Betts, Lisa R and Taylor, Christopher P and Sekuler, Allison B and Bennett, Patrick J},
  journal    = {Neuron},
  volume     = {45},
  number     = {3},
  pages      = {361--366},
  year       = {2005},
  publisher  = {Elsevier}
}

@article{bravo1990comparative,
  title      = {Comparative Study of Visual Inter and Intrahemispheric Cortico-cortical Connections in Five Native {Chilean} Rodents},
  author     = {Bravo, Hermes and Olavarria, Jaime and Torrealba, Fernando},
  journal    = {Anat Embryol (Berl)},
  volume     = {181},
  number     = {1},
  pages      = {67--73},
  year       = {1990},
  publisher  = {Springer}
}
